@inproceedings{koh2020concept,
  title={Concept bottleneck models},
  author={Koh, Pang Wei and Nguyen, Thao and Tang, Yew Siang and Mussmann, Stephen and Pierson, Emma and Kim, Been and Liang, Percy},
  booktitle={International conference on machine learning},
  pages={5338--5348},
  year={2020},
  organization={PMLR}
}
@article{wah2011caltech,
  title={The caltech-ucsd birds-200-2011 dataset},
  author={Wah, Catherine and Branson, Steve and Welinder, Peter and Perona, Pietro and Belongie, Serge},
  year={2011},
  publisher={California Institute of Technology}
}

@article{Page_2000, 
    title={Connectionist modelling in psychology: A localist manifesto}, 
    volume={23}, 
    DOI={10.1017/S0140525X00003356}, 
    number={4}, 
    journal={Behavioral and Brain Sciences}, 
    author={Page, Mike}, 
    year={2000}, 
    pages={443â€“467}
} 
@misc{bau2017networkdissectionquantifyinginterpretability,
      title={Network Dissection: Quantifying Interpretability of Deep Visual Representations}, 
      author={David Bau and Bolei Zhou and Aditya Khosla and Aude Oliva and Antonio Torralba},
      year={2017},
      eprint={1704.05796},
      archivePrefix={arXiv},
      primaryClass={cs.CV},
      url={https://arxiv.org/abs/1704.05796}, 
}
@inproceedings{kim2018interpretability,
  title={Interpretability beyond feature attribution: Quantitative testing with concept activation vectors (tcav)},
  author={Kim, Been and Wattenberg, Martin and Gilmer, Justin and Cai, Carrie and Wexler, James and Viegas, Fernanda and others},
  booktitle={International conference on machine learning},
  pages={2668--2677},
  year={2018},
  organization={PMLR}
}
@inproceedings{szegedy2016rethinking,
  title={Rethinking the inception architecture for computer vision},
  author={Szegedy, Christian and Vanhoucke, Vincent and Ioffe, Sergey and Shlens, Jon and Wojna, Zbigniew},
  booktitle={Proceedings of the IEEE conference on computer vision and pattern recognition},
  pages={2818--2826},
  year={2016}
}
@inproceedings{he2016deep,
  title={Deep residual learning for image recognition},
  author={He, Kaiming and Zhang, Xiangyu and Ren, Shaoqing and Sun, Jian},
  booktitle={Proceedings of the IEEE conference on computer vision and pattern recognition},
  pages={770--778},
  year={2016}
}
@article{kingma2014adam,
  title={Adam: A method for stochastic optimization},
  author={Kingma, Diederik P},
  journal={arXiv preprint arXiv:1412.6980},
  year={2014}
}
@article{botev2017nesterov,
  title={Nesterov's accelerated gradient and momentum as approximations to regularised update descent},
  author={Botev, Aleksandar and Lever, Guy and Barber, David},
  journal={arXiv preprint arXiv:1706.08298},
  year={2017}
}